<?xml version="1.0" encoding="UTF-8"?><collection xmlns="http://www.loc.gov/MARC21/slim"><record><leader>00463nam--2200133-i-4500</leader><controlfield tag="001">000036060</controlfield><controlfield tag="002">20161230</controlfield><controlfield tag="005">20161230201040</controlfield><controlfield tag="008">060222s1000------------r-----000-0-eng-d</controlfield><datafield ind1=" " ind2=" " tag="080"><subfield code="a">546.15(043):661.47(043)</subfield></datafield><datafield ind1=" " ind2=" " tag="100"><subfield code="a">Olives-domange, Claude</subfield></datafield><datafield ind1=" " ind2=" " tag="245"><subfield code="a">Contribution a l`etude des systemes formes entre l`iodure d`argent et les iodures de germanium, d`etain du d`indium. these</subfield></datafield><datafield ind1=" " ind2=" " tag="260"><subfield code="a">Paris, Univ.Rene Descartes De Paris, 1971,, 55p.+ 26p.Dif</subfield></datafield><datafield ind1=" " ind2=" " tag="852"><subfield code="a">38968</subfield></datafield></record></collection>